%%%%%%%%%%%%%%%%%%%%%%%%%%%%%%%%%%%%%%%%%%%%%%%%%
%       Probability theory
%%%%%%%%%%%%%%%%%%%%%%%%%%%%%%%%%%%%%%%%%%%%%%%%%
@book{book:BremaudProbabAndStochastic,
   title =     {Probability theory and stochastic processes},
   author =    {Bremaud, Pierre},
   publisher = {Springer},
%   isbn =      {9783030401825,9783030401832},
   year =      {2020},
   series =    {},
   edition =   {},
   volume =    {},
   language =  {English}
}

@book{book:JacodProbabilityEssentials,
   title =     {Probability essentials},
   author =    {Jacod, Jean and Protter, Philip},
   publisher = {Springer},
%   isbn =      {3540438718,9783540438717},
   year =      {2003},
   series =    {Universitext},
   edition =   {2nd ed},
   volume =    {},
   language =  {English}
}
   
@book{book:KlenkeProbability,
   title =     {Probability theory: a comprehensive course},
   author =    {Klenke, Achim},
   publisher = {Springer London},
%   isbn =      {1848000472,9781848000476},
   year =      {2008},
   series =    {Universitext},
   edition =   {1st Edition.},
   volume =    {},
   language =  {English}
}

@book{book:CaravennaProbabilita,
   title =     {Probabilità: Un’introduzione attraverso modelli e applicazioni},
   author =    {Caravenna, Francesco and Dai Pra, Paolo},
   publisher = {Springer Milan},
%   isbn =      {978-88-470-2594-3,978-88-470-2595-0},
   year =      {2013},
   series =    {UNITEXT 67},
   edition =   {},
   volume =    {},
   language =  {Italian}
}

%%%%%%%%%%%%%%%%%%%%%%%%%%%%%%%%%%%%%%%%%%%%%%%%%
%       Algebra
%%%%%%%%%%%%%%%%%%%%%%%%%%%%%%%%%%%%%%%%%%%%%%%%%
@book{book:FacchiniAlgebra,
   title =     {Algebra e matematica discreta},
   author =    {Facchini, Alberto},
   publisher = {Zanichelli},
%   isbn =      {8808097390,9788808097392},
   year =      {2000},
   series =    {},
   edition =   {},
   volume =    {},
   language =  {Italian}
}

%%%%%%%%%%%%%%%%%%%%%%%%%%%%%%%%%%%%%%%%%%%%%%%%%
%       Measure Theory
%%%%%%%%%%%%%%%%%%%%%%%%%%%%%%%%%%%%%%%%%%%%%%%%%
@book{book:TaoMeasure,
   title =     {An Introduction to Measure Theory},
   author =    {Terence Tao},
   publisher = {American Mathematical Society},
   isbn =      {9780821869192, 2011018926},
   year =      {2011},
   series =    {Graduate Studies in Mathematics 126},
   edition =   {},
   volume =    {},
   language =  {English}
}