%%%%%%%%%%%%%%%%%%%%%%%%%%%%%%%%%%%%%%%%%%%%%%%%%%%%%%%%%%%%%%%%%%%%%%%
%%                                Coastal
%%%%%%%%%%%%%%%%%%%%%%%%%%%%%%%%%%%%%%%%%%%%%%%%%%%%%%%%%%%%%%%%%%%%%%%
%% Divisio surfzone
%@article{BoreBascoSvendsen,
%	author = {David Basco and Ib Svendsen},
%	title = {Modelling turbulent bore propagation in the surf zone},
%	journal = {Coastal Engineering Proceedings},
%	volume = {1},
%	number = {19},
%	year = {1984},
%	issn = {2156-1028},
%    pages = {7},
%    doi = {10.9753 / icce.v19.7}
%}
%
%% Divisio surfzone
%%@inbook{waterwavestype,
%%author = {Karadeniz, Halil and Saka, M and ToÄŸan, Vedat},
%%year = {2013},
%%month = {08},
%%pages = {177-252},
%%title = {Water Wave Theories and Wave Loads},
%%doi = {10.1007/978-1-84996-190-5_3}
%%}